<?xml version="1.0" encoding="UTF-8"?><collection xmlns="http://www.loc.gov/MARC21/slim"><record><leader>00574nam--2200193-i-4500</leader><controlfield tag="001">000024722</controlfield><controlfield tag="002">20161230</controlfield><controlfield tag="005">20161230201035</controlfield><controlfield tag="008">060222s1000------------r-----000-0-eng-d</controlfield><datafield ind1=" " ind2=" " tag="020"><subfield code="a">0444815562</subfield></datafield><datafield ind1=" " ind2=" " tag="040"><subfield code="a">IFIN-HH</subfield></datafield><datafield ind1=" " ind2=" " tag="080"><subfield code="a">548.5(03)</subfield></datafield><datafield ind1="1" ind2=" " tag="100"><subfield code="a">Hurle, D.J.T</subfield></datafield><datafield ind1="1" ind2="0" tag="245"><subfield code="a">Handbook of crystal growth. vol.3: thin films and epitaxy</subfield><subfield code="b">Part b: grawth mechanisms and dynamics</subfield><subfield code="c">D.j.t.hurle (ed.)</subfield></datafield><datafield ind1=" " ind2=" " tag="260"><subfield code="a">Amsterdam</subfield><subfield code="b">Elseveir Sceince</subfield><subfield code="c">1994</subfield></datafield><datafield ind1=" " ind2=" " tag="300"><subfield code="a">/456p/1065P</subfield></datafield><datafield ind1=" " ind2=" " tag="490"><subfield code="a">Handbook Of Crystal Growth</subfield></datafield><datafield ind1=" " ind2=" " tag="852"><subfield code="a">80367</subfield><subfield code="c">548</subfield></datafield><datafield ind1=" " ind2=" " tag="CAT"><subfield code="a">Sys</subfield><subfield code="c">20110406</subfield><subfield code="h">160001</subfield></datafield></record></collection>